@Misc{glslspec,
  author="Khronos Group",
  title="OpenGL ES 2.0 Spec",
  url="http://www.khronos.org/registry/gles/specs/2.0/GLSL_ES_Specification_1.0.17.pdf"
}
