@article{Bostock:2009:PAG,
  title = {Protovis: A Graphical Toolkit for Visualization},
  author = {Michael Bostock AND Jeffrey Heer},
  journal = {IEEE Trans. Visualization \& Comp. Graphics (Proc. InfoVis)},
  year = {2009},
  url = {http://vis.stanford.edu/papers/protovis}
}

@article{Bostock:2011:DDD,
  title = {D3: Data-Driven Documents},
  author = {Michael Bostock AND Vadim Ogievetsky AND Jeffrey Heer},
  journal = {IEEE Trans. Visualization \& Comp. Graphics (Proc. InfoVis)},
  year = {2011},
  url = {http://vis.stanford.edu/papers/d3}
}

@INPROCEEDINGS{Heer:2005:PAT,
    author = {Jeffrey Heer and Stuart K. Card and James A. Landay},
    title = {Prefuse: a Toolkit for Interactive Information Visualization},
    booktitle = {CHI 2005: Proceedings of the SIGCHI conference on8 Human factors in computing systems},
    year = {2005},
    pages = {421--430},
    publisher = {ACM Press}
}

@inproceedings{Cook:1984:ST,
 author = {Cook, Robert L.},
 title = {Shade trees},
 booktitle = {Proceedings of the 11th annual conference on Computer graphics and interactive techniques},
 series = {SIGGRAPH '84},
 year = {1984},
 isbn = {0-89791-138-5},
 pages = {223--231},
 numpages = {9},
 url = {http://doi.acm.org/10.1145/800031.808602},
 doi = {http://doi.acm.org/10.1145/800031.808602},
 acmid = {808602},
 publisher = {ACM},
 address = {New York, NY, USA},
 keywords = {Color, Computer Graphics, Illumination, Lighting, Reflection, Shading, Shadows, Texture},
} 

@inproceedings{McCool:2002:SM,
 author = {McCool, Michael D. and Qin, Zheng and Popa, Tiberiu S.},
 title = {Shader metaprogramming},
 booktitle = {Proceedings of the ACM SIGGRAPH/EUROGRAPHICS conference on Graphics hardware},
 series = {HWWS '02},
 year = {2002},
 isbn = {1-58113-580-7},
 location = {Saarbrucken, Germany},
 pages = {57--68},
 numpages = {12},
 url = {http://dl.acm.org/citation.cfm?id=569046.569055},
 acmid = {569055},
 publisher = {Eurographics Association},
 address = {Aire-la-Ville, Switzerland, Switzerland},
} 

@article{McCool:2004:SA,
  title={Shader Algebra},
  author={McCool, Michael and Du Toit, Stefanus and Popa, Tiberiu and Chan, Bryan and Moule, Kevin},
  journal={ACM Transactions on Graphics (TOG)},
  volume={23},
  number={3},
  pages={787--795},
  year={2004},
  publisher={ACM}
}

@article{Foley:2011:SMC, title={Spark: Modular, Composable Shaders for Graphics Hardware}, volume={30}, url={http://graphics.stanford.edu/papers/spark/spark_preprint.pdf}, number={4}, journal={To appear in ACM TOG}, author={Tim Foley and Pat Hanrahan}, year={2011}, pages={1--12}}

@article{Pellacini:2005:UCA,
 author = {Pellacini, Fabio},
 title = {User-configurable automatic shader simplification},
 journal = {ACM Trans. Graph.},
 volume = {24},
 issue = {3},
 month = {July},
 year = {2005},
 issn = {0730-0301},
 pages = {445--452},
 numpages = {8},
 url = {http://doi.acm.org/10.1145/1073204.1073212},
 doi = {http://doi.acm.org/10.1145/1073204.1073212},
 acmid = {1073212},
 publisher = {ACM},
 address = {New York, NY, USA},
 keywords = {hardware systems, interactive rendering, languages, level of detail, procedural shading, rendering systems},
} 

@misc{svg-spec,
 author = {Erik Dahlstrom and Patrick Dengler and Anthony Grasso and Chris Lilley and Cameron McCormack and Doug Schepers and Jonathan Watt},
 title = {Scalable {V}ector {G}raphics ({SVG}) 1.1 (Second Edition)},
 year = {2010},
 publisher = {W3C},
 note = {http://www.w3.org/TR/2011/REC-SVG11-20110816/}
}

@misc{dom-spec,
author = {Vidur Apparao and Steve Byrne and Mike Champion and Scott Isaacs and Ian Jacobs and Arnaud Le Hors and Gavin Nicol and Jonathan Robie and Robert Sutor and Chris Wilson and Lauren Wood},
title = {{D}ocument {O}bject {M}odel ({DOM}) {L}evel 1 {S}pecification},
year = {1998},
note = {http://www.w3.org/TR/1998/REC-DOM-Level-1-19981001/}
}

@misc{webgl-spec,
year = {2011},
title = {{WebGL} Specification},
author = {Chris Marrin},
note = {https://www.khronos.org/registry/webgl/specs/latest/},
}

@misc{opengles-spec,
year = {2009},
title = {{OpenGL} {ES} {C}ommon {P}rofile {S}pecification},
author = {Aaftab Munshi and Jon Leech},
url = {http://www.khronos.org/registry/gles/specs/2.0/es_full_spec_2.0.25.pdf},
}

@InProceedings{DiBenedetto:2010:SAJ,
  author       = "Di Benedetto, Marco and Ponchio, Federico and Ganovelli, Fabio and Scopigno, Roberto",
  title        = "SpiderGL: A {J}ava{S}cript 3{D} Graphics Library for Next-Generation {WWW}",
  booktitle    = "Web3{D} 2010. 15th Conference on 3{D} Web technology",
  year         = "2010",
  url          = "http://vcg.isti.cnr.it/Publications/2010/DPGS10"
}

@book{Reas:2007:PAP,
 author = {Reas, Casey and Fry, Ben and Maeda, John},
 title = {Processing: A Programming Handbook for Visual Designers and Artists},
 year = {2007},
 publisher = {{MIT} {P}ress},
} 

@misc{Resig:2010:PJ,
 author = {John Resig},
 title = {Processing.{JS}, a {J}avascript port of {P}rocessing},
 note = {http://processingjs.org/},
 year = {2010}
}

@misc{Adobe:2011:Flash,
 author = {{Adobe Inc.}},
 title = {Adobe Flash Platform},
 note = {http://www.adobe.com/flashplatform/},
 year = {2011}
}

@misc{Kay:2011:SceneJS,
 author = {{Lindsay Kay}},
 title = {SceneJS: WebGL Scene Graph Library},
 note = {http://github.com/xeolabs/scenejs/},
 year = {2011}
}

@article{Loop:2005:RIC,
 author = {Loop, Charles and Blinn, Jim},
 title = {Resolution independent curve rendering using programmable graphics hardware},
 journal = {ACM Trans. Graph.},
 volume = {24},
 issue = {3},
 month = {July},
 year = {2005},
 issn = {0730-0301},
 pages = {1000--1009},
 numpages = {10},
 url = {http://doi.acm.org/10.1145/1073204.1073303},
 doi = {http://doi.acm.org/10.1145/1073204.1073303},
 acmid = {1073303},
 publisher = {ACM},
 address = {New York, NY, USA},
 keywords = {curve rendering, graphics hardware algorithms, resolution independence, vector representations},
} 

@article{Strauss:1993:IIA,
 author = {Strauss, Paul S.},
 title = {IRIS Inventor, a 3D graphics toolkit},
 journal = {SIGPLAN Not.},
 volume = {28},
 issue = {10},
 month = {October},
 year = {1993},
 issn = {0362-1340},
 pages = {192--200},
 numpages = {9},
 url = {http://doi.acm.org/10.1145/167962.165889},
 doi = {http://doi.acm.org/10.1145/167962.165889},
 acmid = {165889},
 publisher = {ACM},
 address = {New York, NY, USA},
} 

@Book{Wickham:2009:GEG,
  author = {Hadley Wickham},
  title = {ggplot2: Elegant Graphics for Data Analysis},
  year = {2009},
  publisher = {Springer}
}

@Book{Bertin:1967:SOG,
  author = {Jacques Bertin},
  title = {S\'{e}miologie Graphique},
  year = {1967},
  publisher = {Gauthier-Villars}
}

@Book{Wilkinson:2005:TGO,
  author = {Leland Wilkinson},
  title = {The Grammar of Graphics},
  year = {2005},
  publisher = {Springer}
}

@article{Asimov:1985:TGT,
 author = {Asimov, Daniel},
 title = {The grand tour: a tool for viewing multidimensional data},
 journal = {SIAM J. Sci. Stat. Comput.},
 issue_date = {Jan. 1985},
 volume = {6},
 number = {1},
 month = jan,
 year = {1985},
 issn = {0196-5204},
 pages = {128--143},
 numpages = {16},
 url = {http://dx.doi.org/10.1137/0906011},
 doi = {10.1137/0906011},
 acmid = {2906},
 publisher = {Society for Industrial and Applied Mathematics},
 address = {Philadelphia, PA, USA},
}

@misc{SceneJS,
  author = {Kay, Lindsay},
  title = {SceneJS -- 3D Scene Graph Engine for WebGL},
  url = {http://scenejs.org}
}
